<record><leader>00000cas a22000007a 4500</leader><controlfield tag="001">32847021</controlfield><controlfield tag="008">950720d19371961nyuwr ne      0    0eng d</controlfield><datafield ind1=" " ind2=" " tag="010"><subfield code="a">sn 95071325 </subfield></datafield><datafield ind1=" " ind2=" " tag="040"><subfield code="a">NYS</subfield><subfield code="b">eng</subfield><subfield code="c">NYS</subfield><subfield code="d">OCLCQ</subfield></datafield><datafield ind1=" " ind2=" " tag="042"><subfield code="a">msc</subfield></datafield><datafield ind1="0" ind2="4" tag="245"><subfield code="a">The Moriches tribune.</subfield></datafield><datafield ind1="1" ind2="3" tag="246"><subfield code="a">Moriches Bay tribune</subfield></datafield><datafield ind1=" " ind2=" " tag="260"><subfield code="a">Center Moriches, N.Y. :</subfield><subfield code="b">Patchogue Argus Corp.</subfield></datafield><datafield ind1=" " ind2=" " tag="300"><subfield code="a">v.</subfield></datafield><datafield ind1="0" ind2=" " tag="362"><subfield code="a">Vol. 1, no. 1 (Apr. 2, 1937)-25th year, no. 6 (Apr. 28, 1961).</subfield></datafield><datafield ind1=" " ind2=" " tag="500"><subfield code="a">Publishers: Patchogue Argus Corp. Apr. 2, 1937-Jan. 8, 1954; John Tuthill, Jan. 15, 1954-Apr. 28, 1961.</subfield></datafield><datafield ind1=" " ind2=" " tag="500"><subfield code="a">"Republican."</subfield></datafield><datafield ind1=" " ind2="4" tag="651"><subfield code="a">Center Moriches (N.Y.)</subfield><subfield code="v">Newspapers.</subfield></datafield><datafield ind1=" " ind2="4" tag="651"><subfield code="a">Suffolk County (N.Y.)</subfield><subfield code="v">Newspapers.</subfield></datafield><datafield ind1=" " ind2=" " tag="752"><subfield code="a">United States</subfield><subfield code="b">New York</subfield><subfield code="c">Suffolk</subfield><subfield code="d">Center Moriches.</subfield></datafield><datafield ind1="0" ind2="7" tag="785"><subfield code="t">Patchogue advance</subfield><subfield code="w">(DLC)sn 86071739</subfield><subfield code="w">(OCoLC)13925176</subfield></datafield><datafield ind1="0" ind2="7" tag="785"><subfield code="t">Long Island advance</subfield><subfield code="w">(DLC)sn 95071025</subfield><subfield code="w">(OCoLC)31190082</subfield></datafield><datafield ind1="1" ind2=" " tag="029"><subfield code="a">AU@</subfield><subfield code="b">000025898969</subfield></datafield></record>